@inproceedings{Alexandrescu:2006:NLM,
 author = {Alexandrescu, Andrei and Kirchhoff, Katrin},
 title = {Factored Neural Language Models},
 booktitle = {Proceedings of the Human Language Technology Conference of the NAACL, Companion Volume: Short Papers},
 series = {NAACL-Short '06},
 year = {2006},
 location = {New York, New York},
 pages = {1--4},
 numpages = {4},
 url = {http://dl.acm.org/citation.cfm?id=1614049.1614050},
 acmid = {1614050},
 publisher = {Association for Computational Linguistics},
 address = {Stroudsburg, PA, USA}
} 

@InProceedings{Hokamp:2017,
  author = 	"Hokamp, Chris",
  title = 	"Ensembling Factored Neural Machine Translation Models for Automatic Post-Editing and Quality Estimation",
  booktitle = 	"Proceedings of the Second Conference on Machine Translation",
  year = 	"2017",
  publisher = 	"Association for Computational Linguistics",
  pages = 	"647--654",
  location = 	"Copenhagen, Denmark",
  url = 	"http://aclweb.org/anthology/W17-4775"
}

@inproceedings{SennrichH16:factors,
  author    = {Rico Sennrich and
               Barry Haddow},
  title     = {Linguistic Input Features Improve Neural Machine Translation},
  booktitle = {Proceedings of the First Conference on Machine Translation, {WMT}
               2016, colocated with {ACL} 2016, August 11-12, Berlin, Germany},
  pages     = {83--91},
  year      = {2016},
  crossref  = {DBLP:conf/wmt/2016},
  url       = {http://aclweb.org/anthology/W/W16/W16-2209.pdf},
  timestamp = {Wed, 14 Sep 2016 08:53:03 +0200},
  biburl    = {http://dblp.uni-trier.de/rec/bib/conf/wmt/SennrichH16},
  bibsource = {dblp computer science bibliography, http://dblp.org}
}

@book{Aho:72,
    author  = {Alfred V. Aho and Jeffrey D. Ullman},
    title   = {The Theory of Parsing, Translation and Compiling},
    year    = "1972",
    volume  = "1",
    publisher = {Prentice-Hall},
    address = {Englewood Cliffs, NJ}
}

@book{APA:83,
    author  = {{American Psychological Association}},
    title   = {Publications Manual},
    year    = "1983",
   publisher = {American Psychological Association},
   address = {Washington, DC}
}

@article{ACM:83,
	year = "1983",
	author = {{Association for Computing Machinery}},
	journal = {Computing Reviews},
	volume = "24",
	number = "11",
	pages = "503--512"
}

@article{Chandra:81,
	author = {Ashok K. Chandra and Dexter C. Kozen and Larry J. Stockmeyer},
	year = "1981",
	title = {Alternation},
	journal = {Journal of the Association for Computing Machinery},
	volume = "28",
	number = "1",
	pages = "114--133",
	doi = "10.1145/322234.322243",
}


@book{Gusfield:97,
    author  = {Dan Gusfield},
    title   = {Algorithms on Strings, Trees and Sequences},
    year    = "1997",
    publisher = {Cambridge University Press},
    address = {Cambridge, UK}
}

@InProceedings{P16-1001,
  author =	{Goodman, James
  	 and Vlachos, Andreas
	     and Naradowsky, Jason},
  title =    "Noise reduction and targeted exploration in imitation learning for      Abstract Meaning Representation parsing    ",
  booktitle = 	    "Proceedings of the 54th Annual Meeting of the Association for      Computational Linguistics (Volume 1: Long Papers)    ",
  year =    "2016",
  publisher =	"Association for Computational Linguistics",
  pages =   "1--11",
  location =	"Berlin, Germany",
  doi =    "10.18653/v1/P16-1001",
  url =    "http://aclweb.org/anthology/P16-1001"
}

@InProceedings{C14-1001,
  author =	"Harper, Mary",
  title = 	"Learning from 26 Languages: Program Management and Science in the Babel Program",
  booktitle = 	"Proceedings of COLING 2014, the 25th International Conference on Computational Linguistics: Technical Papers",
  year =    "2014",
  publisher =	"Dublin City University and Association for Computational Linguistics",
  pages =   "1",
  location =	"Dublin, Ireland",
  url =    "http://aclweb.org/anthology/C14-1001"
}
